[
  {
    "Date": "08/01/2022",
    "Revenue": 667.6346217178175
  },
  {
    "Date": "08/02/2022",
    "Revenue": 759.7442777118956
  },
  {
    "Date": "08/03/2022",
    "Revenue": 523.8180081833907
  },
  {
    "Date": "08/04/2022",
    "Revenue": 405.0951679314223
  },
  {
    "Date": "08/05/2022",
    "Revenue": 31.275750224435406
  },
  {
    "Date": "08/06/2022",
    "Revenue": 238.41567648508678
  },
  {
    "Date": "08/07/2022",
    "Revenue": 357.07130976063684
  },
  {
    "Date": "08/08/2022",
    "Revenue": 191.65646708863827
  },
  {
    "Date": "08/09/2022",
    "Revenue": 644.7979196418878
  },
  {
    "Date": "08/10/2022",
    "Revenue": 570.47448144273
  },
  {
    "Date": "08/11/2022",
    "Revenue": 437.0042079974433
  },
  {
    "Date": "08/12/2022",
    "Revenue": 597.6018770907372
  },
  {
    "Date": "08/13/2022",
    "Revenue": 579.3733172743167
  },
  {
    "Date": "08/14/2022",
    "Revenue": 798.4747448378403
  },
  {
    "Date": "08/15/2022",
    "Revenue": 466.12364396835324
  },
  {
    "Date": "08/16/2022",
    "Revenue": 210.66154058225072
  },
  {
    "Date": "08/17/2022",
    "Revenue": 930.6365602362042
  },
  {
    "Date": "08/18/2022",
    "Revenue": 92.71172938739691
  },
  {
    "Date": "08/19/2022",
    "Revenue": 809.4577083299915
  },
  {
    "Date": "08/20/2022",
    "Revenue": 641.5905566108582
  },
  {
    "Date": "08/21/2022",
    "Revenue": 607.0674963013975
  },
  {
    "Date": "08/22/2022",
    "Revenue": 229.19725781022206
  },
  {
    "Date": "08/23/2022",
    "Revenue": 236.80971893876324
  },
  {
    "Date": "08/24/2022",
    "Revenue": 69.02628717535575
  },
  {
    "Date": "08/25/2022",
    "Revenue": 311.8603869424058
  },
  {
    "Date": "08/26/2022",
    "Revenue": 708.3948509713621
  },
  {
    "Date": "08/27/2022",
    "Revenue": 288.994874742441
  },
  {
    "Date": "08/28/2022",
    "Revenue": 697.5200397875359
  },
  {
    "Date": "08/29/2022",
    "Revenue": 135.17990692798853
  },
  {
    "Date": "08/30/2022",
    "Revenue": 554.9057367717605
  },
  {
    "Date": "08/31/2022",
    "Revenue": 378.80753751359396
  },
  {
    "Date": "09/01/2022",
    "Revenue": 272.9391439047405
  },
  {
    "Date": "09/02/2022",
    "Revenue": 37.96236685059151
  },
  {
    "Date": "09/03/2022",
    "Revenue": 85.36803981023999
  },
  {
    "Date": "09/04/2022",
    "Revenue": 179.85038874660185
  },
  {
    "Date": "09/05/2022",
    "Revenue": 749.6299181871016
  },
  {
    "Date": "09/06/2022",
    "Revenue": 778.9286007543319
  },
  {
    "Date": "09/07/2022",
    "Revenue": 835.1514012482575
  },
  {
    "Date": "09/08/2022",
    "Revenue": 204.98936509235844
  },
  {
    "Date": "09/09/2022",
    "Revenue": 310.17805481718005
  },
  {
    "Date": "09/10/2022",
    "Revenue": 513.2324049778747
  },
  {
    "Date": "09/11/2022",
    "Revenue": 393.99932993571053
  },
  {
    "Date": "09/12/2022",
    "Revenue": 731.0808986951752
  },
  {
    "Date": "09/13/2022",
    "Revenue": 201.297486752943
  },
  {
    "Date": "09/14/2022",
    "Revenue": 374.176443606423
  },
  {
    "Date": "09/15/2022",
    "Revenue": 116.59270338257576
  },
  {
    "Date": "09/16/2022",
    "Revenue": 387.75136848639613
  },
  {
    "Date": "09/17/2022",
    "Revenue": 268.3250724186048
  },
  {
    "Date": "09/18/2022",
    "Revenue": 838.6855842990393
  },
  {
    "Date": "09/19/2022",
    "Revenue": 546.0769807494661
  },
  {
    "Date": "09/20/2022",
    "Revenue": 795.3907932220663
  },
  {
    "Date": "09/21/2022",
    "Revenue": 645.992734483837
  },
  {
    "Date": "09/22/2022",
    "Revenue": 572.734622838017
  },
  {
    "Date": "09/23/2022",
    "Revenue": 916.9173002263373
  },
  {
    "Date": "09/24/2022",
    "Revenue": 611.1560510134481
  },
  {
    "Date": "09/25/2022",
    "Revenue": 794.5947652316665
  },
  {
    "Date": "09/26/2022",
    "Revenue": 754.6863204717488
  },
  {
    "Date": "09/27/2022",
    "Revenue": 288.014881996331
  },
  {
    "Date": "09/28/2022",
    "Revenue": 221.661743568487
  },
  {
    "Date": "09/29/2022",
    "Revenue": 958.3629548426069
  },
  {
    "Date": "09/30/2022",
    "Revenue": 582.5025469744936
  },
  {
    "Date": "10/01/2022",
    "Revenue": 697.8388601383772
  },
  {
    "Date": "10/02/2022",
    "Revenue": 107.16908732789099
  },
  {
    "Date": "10/03/2022",
    "Revenue": 166.807590250299
  },
  {
    "Date": "10/04/2022",
    "Revenue": 785.0494619880494
  },
  {
    "Date": "10/05/2022",
    "Revenue": 230.3984514008557
  },
  {
    "Date": "10/06/2022",
    "Revenue": 594.4670390073289
  },
  {
    "Date": "10/07/2022",
    "Revenue": 99.97773421499222
  },
  {
    "Date": "10/08/2022",
    "Revenue": 478.225632228963
  },
  {
    "Date": "10/09/2022",
    "Revenue": 34.19961155278317
  },
  {
    "Date": "10/10/2022",
    "Revenue": 314.2714946547913
  },
  {
    "Date": "10/11/2022",
    "Revenue": 495.039512014447
  },
  {
    "Date": "10/12/2022",
    "Revenue": 633.3996980347423
  },
  {
    "Date": "10/13/2022",
    "Revenue": 145.90189038937274
  },
  {
    "Date": "10/14/2022",
    "Revenue": 183.8520860302919
  },
  {
    "Date": "10/15/2022",
    "Revenue": 284.2661235451911
  },
  {
    "Date": "10/16/2022",
    "Revenue": 758.6517141870664
  },
  {
    "Date": "10/17/2022",
    "Revenue": 436.21032096500943
  },
  {
    "Date": "10/18/2022",
    "Revenue": 146.7286917688404
  },
  {
    "Date": "10/19/2022",
    "Revenue": 323.47931766620206
  },
  {
    "Date": "10/20/2022",
    "Revenue": 132.570640070497
  },
  {
    "Date": "10/21/2022",
    "Revenue": 117.60847170749045
  },
  {
    "Date": "10/22/2022",
    "Revenue": 218.6621774666352
  },
  {
    "Date": "10/23/2022",
    "Revenue": 395.17663970925764
  },
  {
    "Date": "10/24/2022",
    "Revenue": 75.86788466466032
  },
  {
    "Date": "10/25/2022",
    "Revenue": 31.858526442505198
  },
  {
    "Date": "10/26/2022",
    "Revenue": 612.7974494415569
  },
  {
    "Date": "10/27/2022",
    "Revenue": 152.02442542278428
  },
  {
    "Date": "10/28/2022",
    "Revenue": 297.8245892249933
  },
  {
    "Date": "10/29/2022",
    "Revenue": 369.7646871021082
  },
  {
    "Date": "10/30/2022",
    "Revenue": 846.6989692532574
  },
  {
    "Date": "10/31/2022",
    "Revenue": 804.0919390057165
  },
  {
    "Date": "11/01/2022",
    "Revenue": 312.598588892383
  },
  {
    "Date": "11/02/2022",
    "Revenue": 566.5166762554487
  },
  {
    "Date": "11/03/2022",
    "Revenue": 770.1521123344639
  },
  {
    "Date": "11/04/2022",
    "Revenue": 647.1469562025699
  },
  {
    "Date": "11/05/2022",
    "Revenue": 284.67427357157374
  },
  {
    "Date": "11/06/2022",
    "Revenue": 863.0000406366394
  },
  {
    "Date": "11/07/2022",
    "Revenue": 394.9867486732358
  },
  {
    "Date": "11/08/2022",
    "Revenue": 979.5289955890905
  },
  {
    "Date": "11/09/2022",
    "Revenue": 433.2465669644554
  },
  {
    "Date": "11/10/2022",
    "Revenue": 426.7810510880868
  },
  {
    "Date": "11/11/2022",
    "Revenue": 256.81131212846367
  },
  {
    "Date": "11/12/2022",
    "Revenue": 561.560962697154
  },
  {
    "Date": "11/13/2022",
    "Revenue": 302.08823048037004
  },
  {
    "Date": "11/14/2022",
    "Revenue": 986.0430848405265
  },
  {
    "Date": "11/15/2022",
    "Revenue": 793.4299243319485
  },
  {
    "Date": "11/16/2022",
    "Revenue": 534.1561727402899
  },
  {
    "Date": "11/17/2022",
    "Revenue": 784.4574523539751
  },
  {
    "Date": "11/18/2022",
    "Revenue": 645.5730374698863
  },
  {
    "Date": "11/19/2022",
    "Revenue": 885.846350701442
  },
  {
    "Date": "11/20/2022",
    "Revenue": 632.2221162390698
  },
  {
    "Date": "11/21/2022",
    "Revenue": 781.8602016819723
  },
  {
    "Date": "11/22/2022",
    "Revenue": 925.9655374158003
  },
  {
    "Date": "11/23/2022",
    "Revenue": 275.14272483036086
  },
  {
    "Date": "11/24/2022",
    "Revenue": 603.6584742849731
  },
  {
    "Date": "11/25/2022",
    "Revenue": 770.9899020046973
  },
  {
    "Date": "11/26/2022",
    "Revenue": 95.53374264570613
  },
  {
    "Date": "11/27/2022",
    "Revenue": 42.15271901348483
  },
  {
    "Date": "11/28/2022",
    "Revenue": 976.1913790575037
  },
  {
    "Date": "11/29/2022",
    "Revenue": 354.924909152597
  },
  {
    "Date": "11/30/2022",
    "Revenue": 548.9853364720851
  },
  {
    "Date": "12/01/2022",
    "Revenue": 716.7326481633096
  },
  {
    "Date": "12/02/2022",
    "Revenue": 701.9822075916359
  },
  {
    "Date": "12/03/2022",
    "Revenue": 82.67181003123947
  },
  {
    "Date": "12/04/2022",
    "Revenue": 327.7433024573586
  },
  {
    "Date": "12/05/2022",
    "Revenue": 869.5657293460624
  },
  {
    "Date": "12/06/2022",
    "Revenue": 753.8934332804083
  },
  {
    "Date": "12/07/2022",
    "Revenue": 435.4004378897948
  },
  {
    "Date": "12/08/2022",
    "Revenue": 873.8601367366786
  },
  {
    "Date": "12/09/2022",
    "Revenue": 231.81868605527177
  },
  {
    "Date": "12/10/2022",
    "Revenue": 447.49023370183073
  },
  {
    "Date": "12/11/2022",
    "Revenue": 898.2244720871256
  },
  {
    "Date": "12/12/2022",
    "Revenue": 762.7963567435086
  },
  {
    "Date": "12/13/2022",
    "Revenue": 486.6016296970166
  },
  {
    "Date": "12/14/2022",
    "Revenue": 119.30152093521839
  },
  {
    "Date": "12/15/2022",
    "Revenue": 463.1391392042349
  },
  {
    "Date": "12/16/2022",
    "Revenue": 469.90229097562144
  },
  {
    "Date": "12/17/2022",
    "Revenue": 881.0657386015776
  },
  {
    "Date": "12/18/2022",
    "Revenue": 804.5591328818196
  },
  {
    "Date": "12/19/2022",
    "Revenue": 741.7354535982822
  },
  {
    "Date": "12/20/2022",
    "Revenue": 191.2644552344095
  },
  {
    "Date": "12/21/2022",
    "Revenue": 719.1055877596383
  },
  {
    "Date": "12/22/2022",
    "Revenue": 726.5798611873462
  },
  {
    "Date": "12/23/2022",
    "Revenue": 105.56803310524865
  },
  {
    "Date": "12/24/2022",
    "Revenue": 361.64667751135426
  },
  {
    "Date": "12/25/2022",
    "Revenue": 612.0162508781357
  },
  {
    "Date": "12/26/2022",
    "Revenue": 735.1496027090936
  },
  {
    "Date": "12/27/2022",
    "Revenue": 917.5617979534007
  },
  {
    "Date": "12/28/2022",
    "Revenue": 790.577099416427
  },
  {
    "Date": "12/29/2022",
    "Revenue": 88.08748860457827
  },
  {
    "Date": "12/30/2022",
    "Revenue": 312.71474027511726
  },
  {
    "Date": "12/31/2022",
    "Revenue": 969.5999901063194
  },
  {
    "Date": "01/01/2023",
    "Revenue": 272.20272354668174
  },
  {
    "Date": "01/02/2023",
    "Revenue": 792.0007178556318
  },
  {
    "Date": "01/03/2023",
    "Revenue": 404.88103700345323
  },
  {
    "Date": "01/04/2023",
    "Revenue": 699.4445588167806
  },
  {
    "Date": "01/05/2023",
    "Revenue": 115.35245901432845
  },
  {
    "Date": "01/06/2023",
    "Revenue": 41.027119757392036
  },
  {
    "Date": "01/07/2023",
    "Revenue": 125.66549253438485
  },
  {
    "Date": "01/08/2023",
    "Revenue": 624.3969914031636
  },
  {
    "Date": "01/09/2023",
    "Revenue": 287.3215902998687
  },
  {
    "Date": "01/10/2023",
    "Revenue": 947.407724202816
  },
  {
    "Date": "01/11/2023",
    "Revenue": 338.1420124980145
  },
  {
    "Date": "01/12/2023",
    "Revenue": 699.6160914893904
  },
  {
    "Date": "01/13/2023",
    "Revenue": 768.208924673905
  },
  {
    "Date": "01/14/2023",
    "Revenue": 664.9297250433648
  },
  {
    "Date": "01/15/2023",
    "Revenue": 217.56716087548045
  },
  {
    "Date": "01/16/2023",
    "Revenue": 985.7667104976916
  },
  {
    "Date": "01/17/2023",
    "Revenue": 272.210085727428
  },
  {
    "Date": "01/18/2023",
    "Revenue": 572.5953962828394
  },
  {
    "Date": "01/19/2023",
    "Revenue": 166.76751980112536
  },
  {
    "Date": "01/20/2023",
    "Revenue": 93.68121414363017
  },
  {
    "Date": "01/21/2023",
    "Revenue": 708.0891091876144
  },
  {
    "Date": "01/22/2023",
    "Revenue": 369.4134338371927
  },
  {
    "Date": "01/23/2023",
    "Revenue": 872.5152280912938
  },
  {
    "Date": "01/24/2023",
    "Revenue": 362.97357365945805
  },
  {
    "Date": "01/25/2023",
    "Revenue": 623.1222782900015
  },
  {
    "Date": "01/26/2023",
    "Revenue": 121.72498508132202
  },
  {
    "Date": "01/27/2023",
    "Revenue": 866.8142408614665
  },
  {
    "Date": "01/28/2023",
    "Revenue": 627.0534875930185
  },
  {
    "Date": "01/29/2023",
    "Revenue": 403.12704906387455
  },
  {
    "Date": "01/30/2023",
    "Revenue": 278.1094800339415
  },
  {
    "Date": "01/31/2023",
    "Revenue": 688.4643042166853
  }
]
